<?xml version="1.0" encoding="UTF-8"?><collection xmlns="http://www.loc.gov/MARC21/slim"><record><leader>00386nam--2200133-i-4500</leader><controlfield tag="001">000010442</controlfield><controlfield tag="002">20161230</controlfield><controlfield tag="005">20161230201028</controlfield><controlfield tag="008">060222s1000------------r-----000-0-eng-d</controlfield><datafield ind1=" " ind2=" " tag="080"><subfield code="a">389.1:681.26</subfield></datafield><datafield ind1=" " ind2=" " tag="100"><subfield code="a">Barbulescu, I. Si Ivanovici, Gh</subfield></datafield><datafield ind1=" " ind2=" " tag="245"><subfield code="a">Manualul cintaritorului. editia a ii-a. revizu ita si completata</subfield></datafield><datafield ind1=" " ind2=" " tag="260"><subfield code="a">Bucuresti, Editura Tehnica, 11970. 335 P</subfield></datafield><datafield ind1=" " ind2=" " tag="852"><subfield code="a">33637</subfield></datafield></record></collection>